@software{radi_jl_2021,
  author       = {Humphreys, Matthew P. and
                  Sulpis, Olivier},
  title        = {{Radi.jl: the reactive-advective-diffusive-irrigative diagenetic sediment module in Julia}},
  month        = apr,
  year         = 2021,
  publisher    = {Zenodo},
  doi          = {10.5281/zenodo.4680228},
}
