@article{boudreau_diffusive_1996,
	title = {The diffusive tortuosity of fine-grained unlithified sediments},
	volume = {60},
	doi = {10.1016/0016-7037(96)00158-5},
	number = {16},
	journal = {Geochim. Cosmochim. Acta},
	author = {Boudreau, Bernard P.},
	year = {1996},
	pages = {3139--3142}
}

@article{boudreau_method--lines_1996,
	title = {A method-of-lines code for carbon and nutrient diagenesis in aquatic sediments},
	volume = {22},
	doi = {10.1016/0098-3004(95)00115-8},
	number = {5},
	journal = {Comput. Geosci.},
	author = {Boudreau, Bernard P.},
	year = {1996},
	pages = {479--496}
}

@article{sayles_benthic_2001,
	series = {{US} {Southern} {Ocean} {JGOFS} {Program} ({AESOPS}) - {Part} {II}},
	title = {Benthic remineralization and burial of biogenic {SiO}$_{\textrm{2}}$, {CaCO}$_{\textrm{3}}$, organic carbon, and detrital material in the {Southern} {Ocean} along a transect at 170$\si{\degree}$ {West}},
	volume = {48},
	doi = {10.1016/S0967-0645(01)00091-1},
	number = {19},
	journal = {Deep-Sea Res. Pt II},
	author = {Sayles, F. L. and Martin, W. R. and Chase, Zanna and Anderson, R. F.},
	year = {2001},
	pages = {4323--4383}
}

@article{archer_model_2002,
	title = {A model of suboxic sedimentary diagenesis suitable for automatic tuning and gridded global domains},
	volume = {16},
	doi = {10.1029/2000GB001288},
	number = {1},
	journal = {Global Biogeochem. Cy.},
	author = {Archer, D. E. and Morford, J. L. and Emerson, S. R.},
	year = {2002},
	pages = {17--1--17--21}
}


@article{li_diffusion_1974,
	title = {Diffusion of ions in sea water and in deep-sea sediments},
	volume = {38},
	doi = {10.1016/0016-7037(74)90145-8},
	number = {5},
	journal = {Geochim. Cosmochim. Acta},
	author = {Li, Yuan-Hui and Gregory, Sandra},
	year = {1974},
	pages = {703--714}
}

@book{mcdougall_getting_2011,
	title = {Getting started with {TEOS}-10 and the {Gibbs} {SeaWater} ({GSW}) {Oceanographic} {Toolbox}},
	isbn = {978-0-646-55621-5},
	publisher = {SCOR/IAPSO WG127},
	author = {McDougall, T. J. and Barker, P. M.},
	year = {2011}
}

@article{galbraith_simple_2015,
	title = {A simple nutrient-dependence mechanism for predicting the stoichiometry of marine ecosystems},
	volume = {112},
	doi = {10.1073/pnas.1423917112},
	number = {27},
	journal = {Proc. Natl. Acad. Sci. U.S.A.},
	author = {Galbraith, Eric D. and Martiny, Adam C.},
	year = {2015},
	pages = {8199--8204}
}

@article{martiny_strong_2013,
	title = {Strong latitudinal patterns in the elemental ratios of marine plankton and organic matter},
	volume = {6},
	doi = {10.1038/ngeo1757},
	number = {4},
	journal = {Nature Geosci.},
	author = {Martiny, Adam C. and Pham, Chau T. A. and Primeau, Francois W. and Vrugt, Jasper A. and Moore, J. Keith and Levin, Simon A. and Lomas, Michael W.},
	year = {2013},
	pages = {279--283},
}
